<?xml version="1.0" encoding="UTF-8"?><collection xmlns="http://www.loc.gov/MARC21/slim"><record><leader>00316nam--2200109-i-4500</leader><controlfield tag="001">000024476</controlfield><controlfield tag="002">20161230</controlfield><controlfield tag="005">20161230201035</controlfield><controlfield tag="008">060222s1000------------r-----000-0-eng-d</controlfield><datafield ind1=" " ind2=" " tag="245"><subfield code="a">Heidelberger taschenbucher. band 126: festkorpertheorie.iii: lokalisierte zustande</subfield></datafield><datafield ind1=" " ind2=" " tag="260"><subfield code="a">Berlin, Springer-verlag, 1973</subfield></datafield><datafield ind1=" " ind2=" " tag="852"><subfield code="a">37037</subfield></datafield></record></collection>